<record xmlns="http://www.loc.gov/MARC21/slim" xmlns:xsi="http://www.w3.org/2001/XMLSchema-instance" xsi:schemaLocation="http://www.loc.gov/MARC21/slim http://www.loc.gov/standards/marcxml/schema/MARC21slim.xsd"><leader>00643nz   2200157n  4500</leader><controlfield tag="001">oca02971783 </controlfield><controlfield tag="005">19910625063549.8</controlfield><controlfield tag="008">910620n| acannaab|          |a aaa     c</controlfield><datafield ind1=" " ind2=" " tag="010"><subfield code="a">nr 91022040 </subfield></datafield><datafield ind1=" " ind2=" " tag="040"><subfield code="a">NjP</subfield><subfield code="c">NjP</subfield></datafield><datafield ind1="0" ind2=" " tag="100"><subfield code="a">Pittacus,</subfield><subfield code="c">of Mytilene,</subfield><subfield code="d">ca. 650-ca. 570 B.C.</subfield></datafield><datafield ind1="0" ind2=" " tag="400"><subfield code="a">Mytilene, Pittacus of,</subfield><subfield code="d">ca. 650-ca. 570 B.C.</subfield></datafield><datafield ind1="0" ind2=" " tag="400"><subfield code="a">Pittaco,</subfield><subfield code="d">ca. 650-ca. 570 B.C.</subfield></datafield><datafield ind1=" " ind2=" " tag="670"><subfield code="a">Lissi-Caronna, E. Un'erma-ritratto di Pittaco ... 1979.</subfield></datafield><datafield ind1=" " ind2=" " tag="670"><subfield code="a">Ox. class. dict., 2nd ed.</subfield><subfield code="b">(Pittacus of Mytilene, ca. 650-570 B.C., statesman and sage)</subfield></datafield><datafield ind1=" " ind2=" " tag="670"><subfield code="a">Enc. Brit., 15th ed.</subfield><subfield code="b">(Pittacus of Mytilene, b. ca. 650, d. ca. 570 B.C., statesman and sage)</subfield></datafield></record>